
@article{weng2009,
  title={Development and Research on the Intelligent Emergency Medical Information System : A Case Study of Yunlin and Chiayi Counties in Taiwan},
  author={Sheng T Weng and Hung.C Kuo},
  journal={Asian Journal of Health Information Science},
  volume={4},
  year={2009},
}

@article{zhen2014,
	title={Decision Rules for Ambulance Sheduling Decision Support System},
	author={Zhen Lu},
	journal={Applied Soft Computing},
	volume={26},
	year={2014},
}
@article{james1998,
	title={Conflic Resolution in Fuzzy Forward Chaining Production System},
	author={James Bowen},
	journal={AAAI-88 Proceedings},
	year={1998},
}

@article{priyandari2011,
	title={Sistem Pakar untuk Pemeilihan Unit Gawat Darurat Rumah Sakit di Kota Surakarta},
	author={Priyandari and Yusuf},
	journal={Performa},
	volume={10},	
	year={2011},
}
@article{charles1982,
	title={Rete: A Fast Algorithm for the Many Pattern/Many Object Pattern Match Problem},
	author={Charles Forgy },
	journal={Artificial Intelligence},	
	year={1982},
}
@article{kohavi1998,
	title={In Editorial for the Speial Issue on Applications of Machine Learning and the Knowledge Discovery process},
	author={Kohavi and Provost },
	journal={Columbia University,New York},	
	year={1998},
}
@book{freeman,
	title={Rule-Base System and Identification Trees},
	author={Freeman Hargis},
	year={diakses 4 November 2015 pukul 00:21 WIB},
	publisher={tersedia di: http://ai-depot.com/Tutorial/RuleBased-Methods.html}
}

@book{priyono2015,
	title={Pasien ditolak karena kamar penuh, benarkah itu yang terjadi},
	author={Priyono},
	year={diakses 4 November 2015 pukul 02:30 WIB},
	publisher={tersedia di: http://kompasiana.com/edy-priyono}
}
@book{mca2015,
	title={Architeture of Expert System},
	author={MCA Course University Kurukshetra},
	year={diakses 4 November 2015 pukul 03:17 WIB},
	publisher={tersedia di: http://onlinemca.com/mca-course/kurukshetrauniversity}
}
@book{tekno,
	title={SPGDT Bandung},
	author={Teknoprenour},
	year={diakses 4 November 2015 pukul 03:17 WIB},
	publisher={tersedia di: http://teknopreneur.com/dinamika/teknopreneur-spgdt-kota-bandung-masih-berjalan-setengah-manual}
}

@book{herkutanto2007,
	title={Aspek Medikolegal Pelayanan Gawat Darurat},
	author={Herkutanto},
	year={2007},
	publisher={Majalah Kedokteran Indonesia,  Nomor : 2}
}
@book{boswick,
	title={Perawatan Gawat Darurat},
	author={Boswick, John A},
	year={2013},
	publisher={EGC,  Nomor : 2}
}
@book{turban,
	title={Decision Support System and Business Intelligent System},
	author={Turban Efraim and Rmesh Shard and Dursun Delend},
	year={2011},
	publisher={Prantice Hall 9th Edition}
}
@book{kemenkes,
	title={Integrasi Sistem Rumah Sakit guna   Menunjang SPGDT},
	author={Kementrian Kesehatan RI},
	year={2015},
	publisher={Direktorat Jendral Bina Upaya Kesehatan RI}
}

